@manual{ap601,
title = {Versuchsanleitung zu Versuch Nr. 601 Franck-Hertz-Versuch},
year = 2023,
organization = {Fakult√§t Physik, TU Dortmund},
}
